@article{ref1,
	title="https://perf.wiki.kernel.org/",
	year="20/2/2013",
	publisher="Media wiki",
	note=""
}
@article{ref2,
	
	title="www.box2d.org",
	year="April 5th 2014",
	publisher="Wordpress",
	note=""
}
@article{ref3,
	
	title="https://docs.python.org/3/tutorial/",
	year="April 1st 2014",
	publisher="Python software foundation",
	note=""
}
